<record><leader>00000cas a22000007a 4500</leader><controlfield tag="001">28516888</controlfield><controlfield tag="008">930726d192219uuohumx ne      0    0eng d</controlfield><datafield ind1=" " ind2=" " tag="010"><subfield code="a">sn 93060261 </subfield></datafield><datafield ind1=" " ind2=" " tag="040"><subfield code="a">MQN</subfield><subfield code="b">eng</subfield><subfield code="c">MQN</subfield><subfield code="d">OCLCQ</subfield></datafield><datafield ind1=" " ind2=" " tag="042"><subfield code="a">msc</subfield></datafield><datafield ind1="0" ind2=" " tag="130"><subfield code="a">Gospel messenger (Ironton, Ohio)</subfield></datafield><datafield ind1="1" ind2="4" tag="245"><subfield code="a">The Gospel messenger.</subfield></datafield><datafield ind1=" " ind2=" " tag="260"><subfield code="a">Ironton, Ohio :</subfield><subfield code="b">J.B. Simons</subfield></datafield><datafield ind1=" " ind2=" " tag="300"><subfield code="a">v.</subfield></datafield><datafield ind1=" " ind2=" " tag="310"><subfield code="a">Monthly</subfield></datafield><datafield ind1="0" ind2=" " tag="362"><subfield code="a">Vol. 1, no. 1 (July 1922)-</subfield></datafield><datafield ind1=" " ind2=" " tag="500"><subfield code="a">Organ of the Pentecostal Church of Christ.</subfield></datafield><datafield ind1=" " ind2=" " tag="500"><subfield code="a">Published in Jackson, Ohio, Dec. 1922-</subfield></datafield><datafield ind1="2" ind2="0" tag="610"><subfield code="a">Pentecostal Church of Christ</subfield><subfield code="v">Newspapers.</subfield></datafield><datafield ind1=" " ind2=" " tag="752"><subfield code="a">United States</subfield><subfield code="b">Ohio</subfield><subfield code="c">Jackson</subfield><subfield code="d">Jackson.</subfield></datafield><datafield ind1=" " ind2=" " tag="752"><subfield code="a">United States</subfield><subfield code="b">Ohio</subfield><subfield code="c">Lawrence</subfield><subfield code="d">Ironton.</subfield></datafield><datafield ind1="0" ind2="0" tag="780"><subfield code="t">Good tidings (Ironton, Ohio)</subfield><subfield code="w">(DLC)sn 93060262</subfield></datafield><datafield ind1="0" ind2="0" tag="785"><subfield code="t">Pentecostal witness.</subfield></datafield><datafield ind1="1" ind2=" " tag="029"><subfield code="a">AU@</subfield><subfield code="b">000025862972</subfield></datafield></record>